@ARTICLE{mentor:verification_study,
	AUTHOR = "Wilson Research Group, Mento Graphics",
	TITLE = "2016 Functional Verification Study",
	JOURNAL = "N/A",
	VOLUME = {1},
	NUMBER = {1},
	PAGES = {31},
	MONTH = "November",
	YEAR = {2016}	}